@techreport{laibson2022mpc-to-mpx,
  title={A Simple Mapping from MPCs to MPXs},
  author={Laibson, David and Maxted, Peter and Moll, Benjamin},
  year={2022},
  type={Working Paper},
  institution={LSE}
}

@article{bertrand2016trickle,
  title={Trickle-down consumption},
  author={Bertrand, Marianne and Morse, Adair},
  journal={Review of Economics and Statistics},
  volume={98},
  number={5},
  pages={863--879},
  year={2016},
  publisher={The MIT Press}
}

@techreport{bellet2019mcmansion,
  title={The McMansion effect: Top house size and positional externalities in US suburbs},
  author={Bellet, Clement},
  type={Working Paper},
  institution={Erasmus University Rotterdam},
  year=2019
}

@techreport{exler2020consumer,
  title={Consumer debt and default: A Macroeconomic perspective},
  author={Exler, Florian and Tertilt, Mich{\`e}le},
  year={2020},
  type={Discussion Paper},
  institution={CEPR},
  number={14425}

}

@techreport{exler2020over-optimistic,
  title={Consumer credit with over-optimistic borrowers},
  author={Exler, Florian and Livshits, Igor and MacGee, Jim and Tertilt, Mich{\`e}le},
  year={2020},
  type={Discussion Paper},
  institution={CEPR},
  number={15570}
}

@techreport{laibson2021present,
  title={Present bias amplifies the household balance-sheet channels of macroeconomic policy},
  author={Laibson, David and Maxted, Peter and Moll, Benjamin},
  year={2021},
  type={Working Paper},
  institution={National Bureau of Economic Research}
}


@article{mian2021indebted-demand,
  title={Indebted demand},
  author={Mian, Atif and Straub, Ludwig and Sufi, Amir},
  journal={The Quarterly Journal of Economics},
  volume={136},
  number={4},
  pages={2243--2307},
  year={2021},
  publisher={Oxford University Press}
}

@article{kumhof2015inequality,
  title={Inequality, leverage, and crises},
  author={Kumhof, Michael and Ranci{\`e}re, Romain and Winant, Pablo},
  journal={American Economic Review},
  volume={105},
  number={3},
  pages={1217--45},
  year={2015}
}

@article{guren2021housing,
  title={Housing wealth effects: The long view},
  author={Guren, Adam M and McKay, Alisdair and Nakamura, Emi and Steinsson, J{\'o}n},
  journal={The Review of Economic Studies},
  volume={88},
  number={2},
  pages={669--707},
  year={2021},
  publisher={Oxford University Press}
}

@article{berger2018house,
  title={House prices and consumer spending},
  author={Berger, David and Guerrieri, Veronica and Lorenzoni, Guido and Vavra, Joseph},
  journal={The Review of Economic Studies},
  volume={85},
  number={3},
  pages={1502--1542},
  year={2018},
  publisher={Oxford University Press}
}

@article{berger2015consumption,
  title={Consumption dynamics during recessions},
  author={Berger, David and Vavra, Joseph},
  journal={Econometrica},
  volume={83},
  number={1},
  pages={101--154},
  year={2015},
  publisher={Wiley Online Library}
}

@techreport{bilbiie2018analytical,
  title={Monetary policy and heterogeneity: An analytical framework},
  author={Bilbiie, Florin Ovidiu},
  year={2018},
  institution={CEPR},
  type={Discussion Paper},
  number={12601}
}

@article{kaplan2018monetary,
  title={Monetary policy according to HANK},
  author={Kaplan, Greg and Moll, Benjamin and Violante, Giovanni L},
  journal={American Economic Review},
  volume=108,
  number=3,
  pages={697--743},
  year=2018
}

@article{kaplan2018microeconomic,
  title={Microeconomic heterogeneity and macroeconomic shocks},
  author={Kaplan, Greg and Violante, Giovanni L},
  journal={Journal of Economic Perspectives},
  volume={32},
  number={3},
  pages={167--94},
  year={2018}
}

@techreport{greimel2019understanding,
  title={Understanding Housing Wealth Effects: Debt, Homeownership and the Lifecycle},
  author={Greimel, Fabian and Zadow, Frederick},
  year=2019,
  institution={Working paper, University of Mannheim}
}

@article{kaplan2020housing,
  title={The housing boom and bust: Model meets evidence},
  author={Kaplan, Greg and Mitman, Kurt and Violante, Giovanni L},
  journal={Journal of Political Economy},
  volume={128},
  number={9},
  pages={3285--3345},
  year={2020},
  publisher={The University of Chicago Press Chicago, IL}
}

@article{bailey2018housing,
  title={The economic effects of social networks: Evidence from the housing market},
  author={Bailey, Michael and Cao, Ruiqing and Kuchler, Theresa and Stroebel, Johannes},
  journal={Journal of Political Economy},
  volume={126},
  number={6},
  pages={2224--2276},
  year={2018},
  publisher={University of Chicago Press Chicago, IL}
}

@article{bailey2019beliefs-leverage,
  title={House price beliefs and mortgage leverage choice},
  author={Bailey, Michael and D{\'a}vila, Eduardo and Kuchler, Theresa and Stroebel, Johannes},
  journal={The Review of Economic Studies},
  volume={86},
  number={6},
  pages={2403--2452},
  year={2019},
  publisher={Oxford University Press}
}

@article{livshits2007consumer,
  title={Consumer bankruptcy: A fresh start},
  author={Livshits, Igor and MacGee, James and Tertilt, Michele},
  journal={American Economic Review},
  volume={97},
  number={1},
  pages={402--418},
  year={2007}
}

@article{chatterjee2007quantitative,
  title={A quantitative theory of unsecured consumer credit with risk of default},
  author={Chatterjee, Satyajit and Corbae, Dean and Nakajima, Makoto and R{\'\i}os-Rull, Jos{\'e}-V{\'\i}ctor},
  journal={Econometrica},
  volume={75},
  number={6},
  pages={1525--1589},
  year={2007},
  publisher={Wiley Online Library}
}

@article{athreya2002welfare,
  title={Welfare implications of the bankruptcy reform act of 1999},
  author={Athreya, Kartik B},
  journal={Journal of Monetary Economics},
  volume={49},
  number={8},
  pages={1567--1595},
  year={2002},
  publisher={Elsevier}
}

@article{mian2013household,
  title={Household balance sheets, consumption, and the economic slump},
  author={Mian, Atif and Rao, Kamalesh and Sufi, Amir},
  journal={The Quarterly Journal of Economics},
  volume={128},
  number={4},
  pages={1687--1726},
  year={2013},
  publisher={MIT Press}
}

@techreport{drechsel2021falling-behind,
  title={Falling Behind: Has Rising Inequality Fueled the American Debt Boom?},
  author={Drechsel-Grau, Moritz and Greimel, Fabian},
  year=2021,
type={Working Paper},
  institution={University of Amsterdam}
}